@misc{OWIDRenewableEnergy2023,
  author = {{Our World in Data}},
  title = {Renewable Share of Energy},
  year = {2023},
  note = {Energy Institute - Statistical Review of World Energy (2023) – with major processing by Our World in Data},
  url = {https://ourworldindata.org/grapher/renewable-share-energy},
  urldate = {2024-11-13}
}

@misc{OWIDPrimaryEnergy2023,
  author = {{Our World in Data}},
  title = {Primary Energy Consumption},
  year = {2023},
  note = {U.S. Energy Information Administration (2023); Energy Institute - Statistical Review of World Energy (2023) – with major processing by Our World in Data},
  url = {https://ourworldindata.org/grapher/primary-energy-cons},
  urldate = {2024-11-13}
}

@misc{OWIDCleanEnergyFinance2024,
  author = {{Our World in Data}},
  title = {International Finance for Clean Energy},
  year = {2024},
  note = {OECD and IRENA – processed by Our World in Data},
  url = {https://ourworldindata.org/grapher/international-finance-clean-energy},
  urldate = {2024-11-13}
}

@misc{OWIDGNI2022,
  author = {{Our World in Data}},
  title = {Gross National Income Per Capita},
  year = {2022},
  note = {UNDP, Human Development Report (2022) – with minor processing by Our World in Data},
  url = {https://ourworldindata.org/grapher/gross-national-income-per-capita-undp},
  urldate = {2024-11-13}
}

@misc{OWIDHappiness2023,
  author = {{Our World in Data}},
  title = {Happiness Index (Cantril Ladder)},
  year = {2023},
  note = {World Happiness Report (2023) – processed by Our World in Data},
  url = {https://ourworldindata.org/grapher/happiness-cantril-ladder},
  urldate = {2024-11-13}
}

@misc{OWIDGlobalWarmingLand2023,
  author = {{Our World in Data}},
  title = {Global Warming from Land Use},
  year = {2023},
  note = {Jones et al. (2023) – with major processing by Our World in Data},
  url = {https://ourworldindata.org/grapher/global-warming-land},
  urldate = {2024-11-13}
}

@misc{OWIDGlobalWarmingFossil2023,
  author = {{Our World in Data}},
  title = {Global Warming from Fossil Sources},
  year = {2023},
  note = {Jones et al. (2023) – with major processing by Our World in Data},
  url = {https://ourworldindata.org/grapher/global-warming-fossil},
  urldate = {2024-11-13}
}

@misc{OWIDSurfaceTemp2024,
  author = {{Our World in Data}},
  title = {Average Monthly Surface Temperature},
  year = {2024},
  note = {Contains modified Copernicus Climate Change Service information (2019) – with major processing by Our World in Data},
  url = {https://ourworldindata.org/grapher/average-monthly-surface-temperature},
  urldate = {2024-11-13}
}

@misc{OWIDCO2PerCapita2023,
  author = {{Our World in Data}},
  title = {CO₂ Emissions Per Capita},
  year = {2023},
  note = {Global Carbon Budget (2023), Population based on various sources (2023) – with major processing by Our World in Data},
  url = {https://ourworldindata.org/grapher/co-emissions-per-capita},
  urldate = {2024-11-13}
}

@misc{WorldBankGDP2024,
  author = {{The World Bank}},
  title = {Global GDP},
  year = {2024},
  note = {World Bank national accounts data, and OECD National Accounts data files},
  url = {https://data.worldbank.org/indicator/NY.GDP.MKTP.CD},
  urldate = {2024-11-13}
}

@misc{OWIDGHGSector2023,
  author = {{Our World in Data}},
  title = {Greenhouse Gas Emissions by Sector},
  year = {2023},
  note = {Climate Watch (2023) – with major processing by Our World in Data},
  url = {https://ourworldindata.org/emissions-by-sector},
  urldate = {2024-11-13}
}

@misc{OWIDTotalGHGPerCapita2024,
  author = {{Our World in Data}},
  title = {Total Greenhouse Gas Emissions Per Capita},
  year = {2024},
  note = {Climate Watch (2023); Population based on various sources (2023) – with major processing by Our World in Data},
  url = {https://ourworldindata.org/grapher/per-capita-ghg-emissions},
  urldate = {2024-11-13}
}

@misc{OWIDClimatePolicies2024,
  author = {{Our World in Data}},
  title = {Support for Policies to Tackle Climate Change},
  year = {2024},
  note = {Vlasceanu et al. (2024). Addressing climate change with behavioral science: A global intervention tournament in 63 countries},
  url = {https://ourworldindata.org/grapher/support-policies-climate},
  urldate = {2024-11-13}
}

@misc{OWIDGovernmentClimateAction2024,
  author = {{Our World in Data}},
  title = {Support for Government Action on Climate Change},
  year = {2024},
  note = {Andre et al. (2024). Globally representative evidence on the actual and perceived support for climate action},
  url = {https://ourworldindata.org/grapher/support-political-climate-action},
  urldate = {2024-11-13}
}

@misc{OWIDClimateBeliefs2024,
  author = {{Our World in Data}},
  title = {Beliefs about Climate Change},
  year = {2024},
  note = {Vlasceanu et al. (2024). Addressing climate change with behavioral science: A global intervention tournament in 63 countries},
  url = {https://ourworldindata.org/grapher/share-believe-climate},
  urldate = {2024-11-13}
}

@misc{OWIDPublicClimateAction2024,
  author = {{Our World in Data}},
  title = {Support for Public Action on Climate Change},
  year = {2024},
  note = {Andre et al. (2024). Globally representative evidence on the actual and perceived support for climate action},
  url = {https://ourworldindata.org/grapher/support-public-action-climate},
  urldate = {2024-11-13}
}

@misc{OWIDSeaLevel2022,
  author = {{Our World in Data}},
  title = {Sea Level Rise},
  year = {2022},
  note = {NOAA Climate.gov (2022)},
  url = {https://ourworldindata.org/grapher/sea-level},
  urldate = {2024-11-13}
}

@misc{OWIDTempAnomaly2024,
  author = {{Our World in Data}},
  title = {Average Temperature Anomaly, Global},
  year = {2024},
  note = {Met Office Hadley Centre (2024)},
  url = {https://ourworldindata.org/grapher/temperature-anomaly},
  urldate = {2024-11-13}
}

@misc{OWIDMonthlyTempAnomaly2024,
  author = {{Our World in Data}},
  title = {Monthly Temperature Anomalies},
  year = {2024},
  note = {Contains modified Copernicus Climate Change Service information (2019)},
  url = {https://ourworldindata.org/temperature-anomaly},
  urldate = {2024-11-13}
}

@article{AndrieuGroh2018,
  author = {Andrieu, G. and Groh, A. P.},
  title = {Specialist versus generalist investors: Trading off support quality, investment horizon and control rights},
  journal = {European Economic Review},
  volume = {101},
  pages = {459--478},
  year = {2018},
  doi = {10.1016/j.euroecorev.2017.10.012},
  url = {https://doi.org/10.1016/j.euroecorev.2017.10.012}
}

@article{ZhangZhao2020,
  author = {Zhang, Y. and Zhao, X.},
  title = {Recommending investors for new startups by integrating network diffusion and investors' domain preference},
  journal = {Information Sciences},
  volume = {516},
  pages = {182--196},
  year = {2020},
  doi = {10.1016/j.ins.2019.11.045},
  url = {https://doi.org/10.1016/j.ins.2019.11.045}
}

@article{LiangHu2020,
  author = {Liang, X. and Hu, X.},
  title = {Geographic distance, venture capital and technological performance: Evidence from Chinese enterprises},
  journal = {Technological Forecasting and Social Change},
  volume = {158},
  pages = {120155},
  year = {2020},
  doi = {10.1016/j.techfore.2020.120155},
  url = {https://doi.org/10.1016/j.techfore.2020.120155}
}

@article{ZhengLiu2020,
  author = {Zheng, Y. and Liu, S.},
  title = {Partner-selection effects on venture capital investment performance with uncertainties},
  journal = {Journal of Business Research},
  volume = {108},
  pages = {201--212},
  year = {2020},
  doi = {10.1016/j.jbusres.2018.10.002},
  url = {https://doi.org/10.1016/j.jbusres.2018.10.002}
}

@inproceedings{LuefOhrfandlSacharidisWerthner2020,
  author = {Johannes Luef and Christian Ohrfandl and Dimitris Sacharidis and Hannes Werthner},
  title = {A Recommender System for Investing in Early-Stage Enterprises},
  booktitle = {ACM/SIGAPP Symposium on Applied Computing (SAC)},
  editor = {Chih-Cheng Hung and Tomás Cerný and Dongwan Shin and Alessio Bechini},
  date = {2020},
  month = {mar},
  pages = {1453--1460},
  publisher = {ACM},
  address = {New York, NY, USA},
  doi = {10.1145/3341105.3375767},
  url = {https://doi.org/10.1145/3341105.3375767},
  bibsource = {dblp computer science bibliography, https://dblp.org},
  biburl = {https://dblp.org/rec/conf/sac/LuefOSW20.bib},
  ds_short_venue_name = {SAC},
  timestamp = {Thu, 02 Apr 2020 17:08:04 +0200},
  year = {2020}
}

@article{SunHanYanYuWu2011,
  author = {Sun, Y. and Han, J. and Yan, X. and Yu, P. S. and Wu, T.},
  title = {PathSim: Meta path-based top-k similarity search in heterogeneous information networks},
  journal = {Proceedings of the VLDB Endowment},
  volume = {4},
  number = {11},
  pages = {992--1003},
  year = {2011},
  doi = {10.14778/3402707.3402736},
  url = {https://doi.org/10.14778/3402707.3402736}
}

@article{ShiLiZhangSunYu2017,
  author = {Shi, C. and Li, Y. and Zhang, J. and Sun, Y. and Yu, P. S.},
  title = {A survey of heterogeneous information network analysis},
  journal = {IEEE Transactions on Knowledge and Data Engineering},
  volume = {29},
  number = {1},
  pages = {17--37},
  year = {2017},
  doi = {10.1109/TKDE.2016.2598561},
  url = {https://doi.org/10.1109/TKDE.2016.2598561}
}

@article{LuoLinChen2018,
  author = {Luo, S. and Lin, Y. and Chen, H.},
  title = {Research on Decision-Making of Complex Venture Capital Based on Financial Big Data Platform},
  journal = {Complexity},
  year = {2018},
  pages = {5170281},
  doi = {10.1155/2018/5170281},
  url = {https://doi.org/10.1155/2018/5170281}
}

@article{ZhangZhang2019,
  author = {Zhang, Y. and Zhang, Z.},
  title = {Modeling Risk Contagion in the Venture Capital Market: A Multilayer Network Approach},
  journal = {Complexity},
  year = {2019},
  pages = {9209345},
  doi = {10.1155/2019/9209345},
  url = {https://doi.org/10.1155/2019/9209345}
}

@article{WenChenChenJiang2020,
  author = {Wen, Y. and Chen, J. and Chen, H. and Jiang, Y.},
  title = {Heterogeneous Information Network-Based Scientific Workflow Recommendation for Complex Applications},
  journal = {Complexity},
  year = {2020},
  pages = {4129063},
  doi = {10.1155/2020/4129063},
  url = {https://doi.org/10.1155/2020/4129063}
}

@article{WuZhu2020,
  author = {Wu, W. and Zhu, Y.},
  title = {A Social Network Analysis on Venture Capital Alliance's Exit from an Emerging Market},
  journal = {Complexity},
  year = {2020},
  pages = {4650160},
  doi = {10.1155/2020/4650160},
  url = {https://doi.org/10.1155/2020/4650160}
}

@techreport{KraemerEisBotsariLangPal2023,
  author = {Kraemer-Eis, H. and Botsari, A. and Lang, F. and Pal, K.},
  title = {Using machine learning to map the European Cleantech sector},
  institution = {European Investment Fund},
  type = {Working Paper},
  number = {EIF Working Paper 2023/91},
  year = {2023},
  url = {https://www.eif.org/news_centre/publications/eif_working_paper_2023_91.pdf}
}

@article{LernerNanda2020,
  author = {Lerner, J. and Nanda, R.},
  title = {Venture Capital's Role in Financing Innovation: What We Know and How Much We Still Need to Learn},
  journal = {Journal of Economic Perspectives},
  volume = {34},
  number = {3},
  pages = {237--261},
  year = {2020},
  doi = {10.1257/jep.34.3.237},
  url = {https://doi.org/10.1257/jep.34.3.237}
}

@article{ZhouRenMedoZhang2007,
  author = {Zhou, T. and Ren, J. and Medo, M. and Zhang, Y. C.},
  title = {Bipartite network projection and personal recommendation},
  journal = {Physical Review E},
  volume = {76},
  number = {4},
  pages = {046115},
  year = {2007},
  doi = {10.1103/PhysRevE.76.046115},
  url = {https://doi.org/10.1103/PhysRevE.76.046115}
}

@inproceedings{SalamzadehKesim2015,
  author = {Salamzadeh, A. and Kawamorita Kesim, H.},
  title = {Startup Companies: Life Cycle and Challenges},
  booktitle = {4th International Conference on Employment, Education and Entrepreneurship (EEE)},
  location = {Belgrade, Serbia},
  year = {2015},
  doi = {10.2139/ssrn.2628861},
  url = {https://dx.doi.org/10.2139/ssrn.2628861}
}

@article{JangLeeYoon2020,
  author = {Jang, H. and Lee, K. and Yoon, B.},
  title = {The Role of Venture Capital Investment in Startups' Sustainable Growth and Performance: Focusing on Absorptive Capacity and Venture Capitalists' Reputation},
  journal = {Sustainability},
  volume = {12},
  number = {8},
  pages = {3447},
  year = {2020},
  doi = {10.3390/su12083447},
  url = {https://doi.org/10.3390/su12083447}
}

@inproceedings{ZhaoZhangWang2015,
  author = {Zhao, X. and Zhang, W. and Wang, J.},
  title = {Risk-hedged venture capital investment recommendation},
  booktitle = {Proceedings of the 9th ACM Conference on Recommender Systems},
  pages = {75--82},
  year = {2015},
  doi = {10.1145/2792838.2800181},
  url = {https://doi.org/10.1145/2792838.2800181}
}

@article{LaoCohen2010,
  author = {Lao, Ni and Cohen, William W.},
  title = {Relational retrieval using a combination of path-constrained random walks},
  journal = {Machine Learning},
  volume = {81},
  pages = {53--67},
  year = {2010},
  doi = {10.1007/s10994-010-5205-8},
  url = {https://doi.org/10.1007/s10994-010-5205-8}
}

@misc{CTVC2024,
  author = {{Climate Tech VC}},
  title = {Climate Tech VC},
  year = {2024},
  url = {https://www.ctvc.co/},
  note = {Climate tech's leading perspective newsletter and market intelligence platform}
}

@misc{KeepCool2024,
  author = {van Osdol, Nick},
  title = {Keep Cool},
  year = {2024},
  url = {https://www.keepcool.co/},
  note = {Newsletter telling underpriced stories at the intersection of climate \& business}
}

@misc{UNSDG2017,
  author = {{United Nations Sustainable Development Group}},
  title = {Mainstreaming the 2030 Agenda for Sustainable Development - Reference Guide for UN Country Teams},
  year = {2017},
  url = {https://unsdg.un.org/resources/mainstreaming-2030-agenda-sustainable-development-reference-guide-un-country-teams},
  note = {Reference guide for mainstreaming the 2030 Agenda for sustainable development}
}

@inproceedings{lewis2020bart,
  title = {BART: Denoising Sequence-to-Sequence Pre-training for Natural Language Generation, Translation, and Comprehension},
  author = {Lewis, Mike and Liu, Yinhan and Goyal, Naman and Ghazvininejad, Marjan and Mohamed, Abdelrahman and Levy, Omer and Stoyanov, Veselin and Zettlemoyer, Luke},
  booktitle = {Proceedings of the 58th Annual Meeting of the Association for Computational Linguistics},
  year = {2020},
  pages = {7871--7880},
  publisher = {Association for Computational Linguistics},
  url = {https://aclanthology.org/2020.acl-main.703},
  address = {Online},
}

@inproceedings{reimers-2019-sentence-bert,
  title = {Sentence-BERT: Sentence Embeddings using Siamese BERT-Networks},
  author = {Reimers, Nils and Gurevych, Iryna},
  booktitle = {Proceedings of the 2019 Conference on Empirical Methods in Natural Language Processing and the 9th International Joint Conference on Natural Language Processing (EMNLP-IJCNLP)},
  pages = {3982--3992},
  year = {2019},
  publisher = {Association for Computational Linguistics},
  address = {Hong Kong, China},
  url = {https://aclanthology.org/D19-1410},
  doi = {10.18653/v1/D19-1410}
}

@inproceedings{ke2017lightgbm,
  title = {LightGBM: A Highly Efficient Gradient Boosting Decision Tree},
  author = {Ke, Guolin and Meng, Qi and Finley, Thomas and Wang, Taifeng and Chen, Wei and Ma, Weidong and Ye, Qiwei and Liu, Tie-Yan},
  booktitle = {Proceedings of the 31st International Conference on Neural Information Processing Systems (NIPS'17)},
  pages = {3149--3157},
  year = {2017},
  publisher = {Curran Associates, Inc.},
  address = {Long Beach, CA, USA},
  url = {https://proceedings.neurips.cc/paper/2017/file/6449f44a102fde848669bdd9eb6b76fa-Paper.pdf}
}

@article{taylor2018forecasting,
  title = {Forecasting at Scale},
  author = {Taylor, Sean J. and Letham, Benjamin},
  journal = {The American Statistician},
  volume = {72},
  number = {1},
  pages = {37--45},
  year = {2018},
  publisher = {Taylor \& Francis},
  doi = {10.1080/00031305.2017.1380080},
  url = {https://doi.org/10.1080/00031305.2017.1380080}
}

@misc{github_repo,
  author       = {Param Somane and Anushri Eswaran and Yashraj Gavhane},
  title        = {CSE258\_A2\_FA24 Repository},
  howpublished = {\url{https://github.com/ChestnutKurisu/CSE258_A2_FA24}},
  year         = {2024},
  note         = {Accessed: 2024-11-14}
}

@misc{huggingface_dataset,
  author       = {Xcissa},
  title        = {Climate Codex: Climate Technology Fundraisers Dataset},
  howpublished = {\url{https://huggingface.co/datasets/Xcissa/climate-codex}},
  year         = {2024},
  note         = {Accessed: 2024-11-14}
}
